@article{Piccinini2012,
  title={Uma análise sobre a inserção profissional de estudantes de administração no Brasil},
  author={Sidinei Rocha Oliveira and Valmiria Carolina Piccinini},
  journal={RAM. Revista de Administração Mackenzie},
  volume={13},
  number={2},
  year={2012},
  publisher={Universidade Presbiteriana Mackenzie}
}

@MISC{Pereira2009,
  author =       {Ana Altina Cambuí Pereira and Maria de Lourdes O. Reis da Silva},
  title =        {O TRABALHO DE CONCLUSÃO DE CURSO: CONSTRUCTO EPISTEMOLÓGICO NO CURRÍCULO FORMAÇÃO, VALOR E IMPORTÂNCIA},
  howpublished = {Disponível em: $<$http://fedathi.multimeios.ufc.br/rides/phocadownload/artigos\_iiienforsup\_adicionais.pdf$>$. Acesso em: 11 de maio de 2018.},
  Year = {2009}
}

@article{manualTCC,
  author={IFTM},
  title={Manual para normatização de trabalhos de conclusão de curso (TCC) do IFTM},
  year={2012},
  publisher={Instituto Federal de Educação, Ciência e Tecnologia do Triângulo Mineiro}
}

@article{manualEstagio,
  author={IFTM},
  title={Normas para elaboração de relatório de estágio},
  year={2011},
  publisher={Instituto Federal de Educação, Ciência e Tecnologia do Triângulo Mineiro}
}

@techreport{oetiker2001,
  title={The not so short introduction to LATEX 2$\varepsilon$},
  author={Tobias Oetiker and Hubert Partl and Irene Hyna and Elisabeth Schlegl},
  year={2001},
  institution={ETH Zurich}
}

@MISC{miktex2018,
  author =       {MikTeX},
  title =        {About MikTeX},
  howpublished = {Disponível em: $<$https://miktex.org/about$>$. Acesso em: 08 de maio de 2018.},
  Year = {2018}
}

@MISC{texmaker2018,
  author =       {TeXMaker},
  title =        {TEXMAKER Free cross-platform LaTeX editor},
  howpublished = {Disponível em: $<$http://www.xm1math.net/texmaker/$>$. Acesso em: 08 de maio de 2018.},
  Year = {2018}
}

@MISC{tables2018,
  author =       {TablesGenerator},
  title =        {Tables Generator},
  howpublished = {Disponível em: $<$http://www.tablesgenerator.com/$>$. Acesso em: 10 de maio de 2018.},
  Year = {2018}
}

@MISC{LATEX2018,
  author =       {LaTeX},
  title =        {An introduction to LaTeX},
  howpublished = {Disponível em: $<$https://www.latex-project.org/about/$>$. Acesso em: 08 de maio de 2018.},
  Year = {2018}
}

@MISC{TeXdoc2018,
  author =       {TeXdoc},
  title =        {TeXdoc Online - TeX and LaTeX documentation lookup system},
  howpublished = {Disponível em: $<$http://www.texdoc.net/$>$. Acesso em: 13 de maio de 2018.},
  Year = {2018}
}
@MISC{CodeCogs2018,
  author =       {CodeCogs},
  title =        {Code Cogs},
  howpublished = {Disponível em: $<$https://www.codecogs.com/latex/eqneditor.php?lang=pt-br$>$. Acesso em: 12 de maio de 2018.},
  Year = {2018}
}
@article{Sfeir2011, 
	author = {Mona Nicole Sfeir}, 
	title = {Laws of the Game (adapted from FIFA 2010-11)}, 
	journal = {World Literature Today}, 
	volume = {85}, 
	number = {3}, 
	pages = {38--39}, 
	year =  {2011},
	month = {may}
}

@misc{Chade2018, 
	author = {Jamil Chade}, 
	title = {China faz Copa de 2018 ter audiência recorde de 3,5 bilhões de pessoas}, 
	timestamp = {2019-06-17},
	year = {2018}, 
	url = {https://esportes.estadao.com.br/noticias/futebol,china-faz-copa-de-2018-ter-audiencia-recorde-de-3-5-bilhoes-de-pessoas,70002654539},
	Urlaccessdate = {17 jun 2019}
}
@misc{FIFA2018, 
	author = {FIFA}, 
	title = {FIFA Financial Report 2018}, 
	year = {2018}, 
	url = {https://resources.fifa.com/image/upload/xzshsoe2ayttyquuxhq0.pdf},
	timestamp = {2019-06-17},
	Urlaccessdate = {17 jun 2019} 
}
@ARTICLE{Perin2013, 
	author={C. Perin and R. Vuillemot and J. D. Fekete}, 
	journal={IEEE Transactions on Visualization and Computer Graphics}, 
	title={SoccerStories: A Kick-off for Visual Soccer Analysis}, 
	year={2013}, 
	volume={19}, 
	number={12}, 
	pages={2506-2515}, 
	keywords={data analysis;data visualisation;sport;SoccerStories visualization interface;connected visualizations;game phase overview-detail interface;qualitative user studies;quantitative analysis;soccer data exploration;visual soccer analysis;word-sized graphics;Data visualization;Games;Layout;Navigation;Data visualization;Games;Layout;Navigation;Visual knowledge discovery;sport analytics;visual aggregation;visual knowledge representation;Algorithms;Computer Graphics;Image Enhancement;Image Interpretation, Computer-Assisted;Information Dissemination;Narration;Reproducibility of Results;Sensitivity and Specificity;Soccer;User-Computer Interface}, 
	doi={10.1109/TVCG.2013.192}, 
	ISSN={1077-2626}, 
	month={Dec}
}
@Article{Martins2017,
	author    = {Rodrigo G. Martins and Alessandro S. Martins and Leandro A. Neves and Luciano V. Lima and Edna L. Flores and Marcelo Z. do Nascimento},
	title     = {Exploring polynomial classifier to predict match results in football championships},
	journal   = {Expert Systems with Applications},
	year      = {2017},
	volume    = {83},
	pages     = {79--93},
	month     = {oct},
	doi       = {10.1016/j.eswa.2017.04.040},
	publisher = {Elsevier {BV}},
}
@Mastersthesis{Duarte2015,
	author       = {Luís M. da S. Duarte and Carlos Soares and Jorge Teixeira}, 
	title        = {Previsão de resultados de jogos de futebol},
	school       = {Faculdade da Engenharia da Universidade do Porto},
	year         = {2015}
}