% Encoding: UTF-8

@Article{Martins2017,
  author    = {Rodrigo G. Martins and Alessandro S. Martins and Leandro A. Neves and Luciano V. Lima and Edna L. Flores and Marcelo Z. do Nascimento},
  title     = {Exploring polynomial classifier to predict match results in football championships},
  journal   = {Expert Systems with Applications},
  year      = {2017},
  volume    = {83},
  pages     = {79--93},
  month     = {oct},
  doi       = {10.1016/j.eswa.2017.04.040},
  publisher = {Elsevier {BV}},
}
@article{Sfeir2011, 
    author = {Mona Nicole Sfeir}, 
    title = {Laws of the Game (adapted from FIFA 2010-11)}, 
    journal = {World Literature Today}, 
    volume = {85}, 
    number = {3}, 
    pages = {38--39}, 
    year =  {2011},
    month = {may}
}

@misc{Chade2018, 
      author = {Jamil Chade}, 
      title = {China faz Copa de 2018 ter audiência recorde de 3,5 bilhões de pessoas}, 
 	  timestamp = {2019-06-17},
      year = {2018}, 
      url = {https://esportes.estadao.com.br/noticias/futebol,china-faz-copa-de-2018-ter-audiencia-recorde-de-3-5-bilhoes-de-pessoas,70002654539},
      Urlaccessdate = {17 jun 2019}
}

@misc{FIFA2018, 
      author = {FIFA}, 
      title = {FIFA Financial Report 2018}, 
      year = {2018}, 
      url = {https://resources.fifa.com/image/upload/xzshsoe2ayttyquuxhq0.pdf},
      timestamp = {2019-06-17},
      Urlaccessdate = {17 jun 2019} 
}

@ARTICLE{Perin2013, 
	author={C. Perin and R. Vuillemot and J. D. Fekete}, 
	journal={IEEE Transactions on Visualization and Computer Graphics}, 
	title={SoccerStories: A Kick-off for Visual Soccer Analysis}, 
	year={2013}, 
	volume={19}, 
	number={12}, 
	pages={2506-2515}, 
	keywords={data analysis;data visualisation;sport;SoccerStories visualization interface;connected visualizations;game phase overview-detail interface;qualitative user studies;quantitative analysis;soccer data exploration;visual soccer analysis;word-sized graphics;Data visualization;Games;Layout;Navigation;Data visualization;Games;Layout;Navigation;Visual knowledge discovery;sport analytics;visual aggregation;visual knowledge representation;Algorithms;Computer Graphics;Image Enhancement;Image Interpretation, Computer-Assisted;Information Dissemination;Narration;Reproducibility of Results;Sensitivity and Specificity;Soccer;User-Computer Interface}, 
	doi={10.1109/TVCG.2013.192}, 
	ISSN={1077-2626}, 
	month={Dec}
}

@Mastersthesis{Duarte2015,
  author       = {Luís M. da S. Duarte and Carlos Soares and Jorge Teixeira}, 
  title        = {Previsão de resultados de jogos de futebol},
  school       = {Faculdade da Engenharia da Universidade do Porto},
  year         = {2015}
}

@Article{Constantinou2013,
  Author 		= {Anthony Costa Constantinou and Norman Elliott Fenton and Martin Neil},
  Title 		= {Profiting from an inefficient association football gambling market: Prediction, risk and uncertainty using Bayesian networks},
  Journal 		= {Knowledge-Based Systems},
  Year 			= {2013},
  Volume 		= {50},
  Pages 		= {60--86},
  Month 		= {sep},
  Doi 			= {10.1016/j.knosys.2013.05.008},
  Publisher 	= {Elsevier {BV}}
}

@Article{Tax2015,
  Author 		= {Niek Tax and Yme Joustra},
  Title 		= {Predicting The Dutch Football Competition Using Public Data: A Machine Learning Approach},
  Year 			= {2015},
  Doi 			= {10.13140/rg.2.1.1383.4729},
  Language		= {en},
  Publisher 	= {Unpublished}
}

@Article{Parinaz2013,
	Author = {Farzin Owramipur, Parinaz Eskandarian, and Faezeh Sadat Mozneb},
	Title = {Football Result Prediction with Bayesian Network in
Spanish League-Barcelona Team},
	Year = {2013},
	Month = {October},
	Language = {en},
	Journal = {International Journal of Computer Theory and Engineering},
	Volum = {5}
}

@Article{Brooks2016,
  Author 		= {Joel Brooks and Matthew Kerr and John Guttag},
  Title 		= {Using machine learning to draw inferences from pass location data in soccer},
  Journal 		= {Statistical Analysis and Data Mining: The {ASA} Data Science Journal},
  Year 			= {2016},
  Volume 		= {9},
  Number		= {5},
  Pages 		= {338--349},
  Month 		= {jun},
  Doi 			= {10.1002/sam.11318},
  Publisher 	= {Wiley}
}

@Article{Pendharkar2000,
  Author 		= {Parag C. Pendharkar and Mehdi Khosrowpour and James A. Rodger},
  Title 		= {Application of Bayesian Network Classifiers and Data Envelopment Analysis for Mining Breast Cancer Patterns},
  Journal 		= {Journal of Computer Information Systems},
  Year 			= {2000},
  Volume 		= {40},
  Number		= {4},
  Pages 		= {127--132}
}

@Article{Igiri2015,
  Author 		= {Chinwe Peace Igiri},
  Title 		= {Support Vector Machine–Based Prediction System for a Football Match Result},
  Journal 		= {{IOSR} Journal of Computer Engineering},
  Year 			= {2015},
  Volume 		= {17},
  Number		= {3},
  Pages 		= {21--26},
  Month 		= {jun}
}

@Article{Hucaljuk2011,
  Author		= {Josip Hucaljuk and Alen Rakipović},
  Title 		= {Predicting football scores using machine learning techniques},
  Journal		= {2011 Proceedings of the 34th International Convention MIPRO},
  Year			= {2011},
  Month 		= {may}
}

@Phdthesis{Ulmer2013,
  author       = {Ben Ulmer and Matthew Fernandez}, 
  title        = {Predicting Soccer Match Results in the English Premier League},
  school       = {Stanford University},
  year         = {2013}
}
@Comment{jabref-meta: databaseType:bibtex;}